@techreport{EuropeanCommission2017,
abstract = {Making the most of NIS - towards the effective implementation of Directive (EU) 2016/1148 concerning measures for a high common level of security of network and information systems across the Union.},
address = {Brussels},
author = {{European Commission}},
file = {:C$\backslash$:/Users/DalePeregrinoBada/AppData/Local/Mendeley Ltd./Mendeley Desktop/Downloaded/European Commission - 2017 - COMMUNICATION FROM THE COMMISSION TO THE EUROPEAN PARLIAMENT AND THE COUNCIL CORRIGENDUM.pdf:pdf},
institution = {European Commission},
month = {oct},
pages = {1--6},
title = {{COMMUNICATION FROM THE COMMISSION TO THE EUROPEAN  PARLIAMENT AND THE COUNCIL CORRIGENDUM}},
url = {https://ec.europa.eu/info/law/better-regulation/have-your-say{\_}en},
year = {2017}
}
@techreport{EuropeanCommission2017a,
abstract = {COMMUNICATION FROM THE COMMISSION TO THE EUROPEAN PARLIAMENT AND THE COUNCIL Making the most of NIS â€“ towards the effective implementation of Directive (EU) 2016/1148 concerning measures for a high common level of security of network and information systems across the Union. ANNEX 1},
address = {Brussels},
author = {{European Commission}},
file = {:C$\backslash$:/Users/DalePeregrinoBada/AppData/Local/Mendeley Ltd./Mendeley Desktop/Downloaded/European Commission - 2017 - COMMUNICATION FROM THE COMMISSION TO THE EUROPEAN PARLIAMENT AND THE COUNCIL ANNEX1.pdf:pdf},
institution = {European Commisson},
month = {oct},
pages = {1--44},
title = {{COMMUNICATION FROM THE COMMISSION TO THE EUROPEAN PARLIAMENT AND THE COUNCIL ANNEX1}},
url = {https://eur-lex.europa.eu/resource.html?uri=cellar:d829f91d-9859-11e7-b92d-01aa75ed71a1.0001.02/DOC{\_}4{\&}format=PDF https://eur-lex.europa.eu/legal-content/EN/TXT/PDF/?uri=CELEX:52017DC0476{\&}from=EN},
year = {2017}
}
@misc{VIIRA2018,
abstract = {Acting in accordance with the ordinary legislative procedure (2), Whereas: (1) Network and information systems and services play a vital role in society. Their reliability and security are essential to economic and societal activities, and in particular to the functioning of the internal market. (2) The magnitude, frequency and impact of security incidents are increasing, and represent a major threat to the functioning of network and information systems. Those systems may also become a target for deliberate harmful actions intended to damage or interrupt the operation of the systems. Such incidents can impede the pursuit of economic activities, generate substantial financial losses, undermine user confidence and cause major damage to the economy of the Union. (3) Network and information systems, and primarily the internet, play an essential role in facilitating the cross-border movement of goods, services and people. Owing to that transnational nature, substantial disruptions of those systems, whether intentional or unintentional and regardless of where they occur, can affect individual Member States and the Union as a whole. The security of network and information systems is therefore essential for the smooth functioning of the internal market. (4) Building upon the significant progress within the European Forum of Member States in fostering discussions and exchanges on good policy practices, including the development of principles for European cyber-crisis cooperation, a Cooperation Group, composed of representatives of Member States, the Commission, and the},
author = {{European Commission} and VIIRA, TOOMAS},
booktitle = {EUR-Lex},
number = {May},
pages = {1--30},
title = {{NIS Directive}},
url = {https://eur-lex.europa.eu/legal-content/EN/TXT/PDF/?uri=CELEX:32016L1148{\&}from=EN https://eur-lex.europa.eu/legal-content/EN/TXT/?uri=uriserv:OJ.L{\_}.2016.194.01.0001.01.ENG{\&}toc=OJ:L:2016:194:TOC https://ec.europa.eu/digital-single-market/en/directive-securi},
volume = {2014},
year = {2016}
}
